<record><leader>00937cam a2200265 a 4500</leader><controlfield tag="001">1329058</controlfield><controlfield tag="008">901016s1985    mauabj g          0 eng c</controlfield><datafield ind1=" " ind2=" " tag="020"><subfield code="a">0883341751 (pa.)</subfield></datafield><datafield ind1=" " ind2=" " tag="035"><subfield code="a">ocm12746745</subfield></datafield><datafield ind1=" " ind2=" " tag="040"><subfield code="b">eng</subfield></datafield><datafield ind1=" " ind2=" " tag="043"><subfield code="a">e-ur---</subfield></datafield><datafield ind1=" " ind2=" " tag="049"><subfield code="a">AEU</subfield><subfield code="b">eng</subfield></datafield><datafield ind1="0" ind2="4" tag="082"><subfield code="a">947</subfield></datafield><datafield ind1="0" ind2=" " tag="090"><subfield code="a">DK 40 V132 1985</subfield></datafield><datafield ind1="1" ind2=" " tag="100"><subfield code="a">Vaillant, Janet G.</subfield></datafield><datafield ind1="1" ind2="0" tag="245"><subfield code="a">From Russia to USSR :</subfield><subfield code="b">a narrative and documentary history /</subfield><subfield code="c">Janet G. Vaillant, John Richards II.</subfield></datafield><datafield ind1=" " ind2=" " tag="260"><subfield code="a">Wellesley Hills, Mass. :</subfield><subfield code="b">Independent School Press,</subfield><subfield code="c">c1985.</subfield></datafield><datafield ind1=" " ind2=" " tag="300"><subfield code="a">xiv, 381 p. :</subfield><subfield code="b">ill., geneal. table, maps ;</subfield><subfield code="c">26 cm.</subfield></datafield><datafield ind1=" " ind2=" " tag="336"><subfield code="a">text</subfield><subfield code="b">txt</subfield><subfield code="2">rdacontent</subfield></datafield><datafield ind1=" " ind2=" " tag="337"><subfield code="a">unmediated</subfield><subfield code="b">n</subfield><subfield code="2">rdamedia</subfield></datafield><datafield ind1=" " ind2=" " tag="338"><subfield code="a">volume</subfield><subfield code="b">nc</subfield><subfield code="2">rdacarrier</subfield></datafield><datafield ind1=" " ind2=" " tag="504"><subfield code="a">Includes bibliographies and index.</subfield></datafield><datafield ind1=" " ind2=" " tag="596"><subfield code="a">43</subfield></datafield><datafield ind1=" " ind2="0" tag="651"><subfield code="a">Soviet Union</subfield><subfield code="x">History</subfield><subfield code="v">Sources.</subfield></datafield><datafield ind1=" " ind2=" " tag="926"><subfield code="a">DK 40 V132 1985</subfield><subfield code="w">LC</subfield><subfield code="c">1</subfield><subfield code="i">000034675207</subfield><subfield code="d">12/4/2013</subfield><subfield code="e">11/8/2013</subfield><subfield code="l">ON_SHELF</subfield><subfield code="m">UAHSS</subfield><subfield code="n">15</subfield><subfield code="p">$150.00</subfield><subfield code="r">Y</subfield><subfield code="s">Y</subfield><subfield code="t">BOOK</subfield><subfield code="u">9/23/1991</subfield></datafield></record>